<?xml version="1.0" encoding="UTF-8"?><collection xmlns="http://www.loc.gov/MARC21/slim"><record><leader>00338nam--2200109-i-4500</leader><controlfield tag="001">000037279</controlfield><controlfield tag="002">20161230</controlfield><controlfield tag="005">20161230201041</controlfield><controlfield tag="008">060222s1000------------r-----000-0-eng-d</controlfield><datafield ind1=" " ind2=" " tag="245"><subfield code="a">Problems in nuclear engineering. selected papers from the 1st nuclear engineering and science</subfield></datafield><datafield ind1=" " ind2=" " tag="260"><subfield code="a">London, Pergamon Press, 1957, Vii + 278p</subfield></datafield><datafield ind1=" " ind2=" " tag="852"><subfield code="a">12774</subfield></datafield></record></collection>